<record><leader>00000cas a2200000 a 4500</leader><controlfield tag="001">23271881</controlfield><controlfield tag="008">910320d19081952iluwr ne      0   a0eng c</controlfield><datafield ind1=" " ind2=" " tag="010"><subfield code="a">sn 91055963 </subfield></datafield><datafield ind1=" " ind2=" " tag="040"><subfield code="a">NVF</subfield><subfield code="b">eng</subfield><subfield code="c">NVF</subfield><subfield code="d">NVF</subfield><subfield code="d">OCLCQ</subfield><subfield code="d">NVF</subfield><subfield code="d">OCLCO</subfield><subfield code="d">OCLCF</subfield></datafield><datafield ind1="1" ind2=" " tag="029"><subfield code="a">AU@</subfield><subfield code="b">000020751153</subfield></datafield><datafield ind1=" " ind2=" " tag="042"><subfield code="a">pcc</subfield></datafield><datafield ind1=" " ind2=" " tag="043"><subfield code="a">n-us-il</subfield></datafield><datafield ind1="0" ind2="4" tag="245"><subfield code="a">The Melvin motor.</subfield></datafield><datafield ind1=" " ind2=" " tag="260"><subfield code="a">Melvin, Ford County, Ill. :</subfield><subfield code="b">Rob H. Carter,</subfield><subfield code="c">1908-1952.</subfield></datafield><datafield ind1=" " ind2=" " tag="300"><subfield code="a">v.</subfield></datafield><datafield ind1=" " ind2=" " tag="310"><subfield code="a">Weekly</subfield></datafield><datafield ind1="0" ind2=" " tag="362"><subfield code="a">Vol. 1, no. 1 (Oct. 9, 1908)-</subfield></datafield><datafield ind1="1" ind2=" " tag="362"><subfield code="a">Ceased Apr. 4, 1952.</subfield></datafield><datafield ind1=" " ind2=" " tag="580"><subfield code="a">Merged with: Roberts herald, to form: Ford County press.</subfield></datafield><datafield ind1=" " ind2=" " tag="588"><subfield code="a">Latest issue consulted: Mar. 28, 1952.</subfield></datafield><datafield ind1=" " ind2="0" tag="651"><subfield code="a">Melvin (Ill.)</subfield><subfield code="v">Newspapers.</subfield></datafield><datafield ind1=" " ind2="7" tag="655"><subfield code="a">Newspapers.</subfield><subfield code="2">fast</subfield><subfield code="0">(OCoLC)fst01423814</subfield></datafield><datafield ind1=" " ind2="7" tag="651"><subfield code="a">Illinois</subfield><subfield code="z">Melvin.</subfield><subfield code="2">fast</subfield><subfield code="0">(OCoLC)fst01885621</subfield></datafield><datafield ind1=" " ind2=" " tag="752"><subfield code="a">United States</subfield><subfield code="b">Illinois</subfield><subfield code="c">Ford</subfield><subfield code="d">Melvin.</subfield></datafield><datafield ind1="1" ind2="7" tag="785"><subfield code="t">Roberts herald</subfield><subfield code="w">(DLC)sn 91055964</subfield><subfield code="w">(OCoLC)23271962</subfield></datafield><datafield ind1="1" ind2="7" tag="785"><subfield code="t">Ford County press</subfield><subfield code="w">(DLC)sn 91055965</subfield><subfield code="w">(OCoLC)23272026</subfield></datafield></record>